@misc{IDC:phone,
    author = {IDC},
    title  = {{Android Expected to Reach Its Peak This Year as Mobile Phone Shipments Slow, According to IDC}},
    url    = {http://www.idc.com/getdoc.jsp?containerId=prUS23523812},
    note   = {Accessed on 2/11/2012},
    year   = 2012
}
@misc{IDC:tablet,
    author = {IDC},
    title  = {{IDC Raises Its Worldwide Tablet Forecast on Continued Strong Demand and Forthcoming New Product Launches}},
    url    = {http://www.idc.com/getdoc.jsp?containerId=prUS23696912},
    note   = {Accessed on 2/11/2012},
    year   = 2012
}
@misc{Nielsen:2012,
    author = {Nielsen},
    title  = {{Smartphones Account for Half of all Mobile Phones, Dominate New Phone Purchases in the US}},
    url    = {http://blog.nielsen.com/nielsenwire/online_mobile/smartphones-account-for-half-of-all-mobile-phones-dominate-new-phone-purchases-in-the-us/},
    note   = {Accessed on 02/11/2012},
    year   = 2012
}
@misc{Gartner:07Q1
    author = {Gartner},
    title  = {{}},
    url    = {},
    note   = {},
    year   = {2012}
}
@misc{Gartner:07Q2
    author = {Gartner},
    title  = {{}},
    url    = {},
    note   = {},
    year   = {2012}
}
@misc{Gartner:07Q3
    author = {Gartner},
    title  = {{}},
    url    = {},
    note   = {},
    year   = {2012}
}
@misc{Gartner:07Q4
    author = {Gartner},
    title  = {{}},
    url    = {},
    note   = {},
    year   = {2012}
}
@misc{Gartner:08Q1
    author = {Gartner},
    title  = {{}},
    url    = {},
    note   = {},
    year   = {2012}
}
@misc{Gartner:08Q2
    author = {Gartner},
    title  = {{}},
    url    = {},
    note   = {},
    year   = {2012}
}
@misc{Gartner:08Q3
    author = {Gartner},
    title  = {{}},
    url    = {},
    note   = {},
    year   = {2012}
}
@misc{Gartner:08Q4
    author = {Gartner},
    title  = {{}},
    url    = {},
    note   = {},
    year   = {2012}
}
@misc{Gartner:09Q1
    author = {Gartner},
    title  = {{}},
    url    = {},
    note   = {},
    year   = {2012}
}
@misc{Gartner:09Q2
    author = {Gartner},
    title  = {{}},
    url    = {},
    note   = {},
    year   = {2012}
}
@misc{Gartner:09Q3
    author = {Gartner},
    title  = {{}},
    url    = {},
    note   = {},
    year   = {2012}
}
@misc{Gartner:09Q4
    author = {Gartner},
    title  = {{}},
    url    = {},
    note   = {},
    year   = {2012}
}
@misc{Gartner:10Q1
    author = {Gartner},
    title  = {{}},
    url    = {},
    note   = {},
    year   = {2012}
}
@misc{Gartner:10Q2
    author = {Gartner},
    title  = {{}},
    url    = {},
    note   = {},
    year   = {2012}
}
@misc{Gartner:10Q3
    author = {Gartner},
    title  = {{}},
    url    = {},
    note   = {},
    year   = {2012}
}
@misc{Gartner:10Q4
    author = {Gartner},
    title  = {{}},
    url    = {},
    note   = {},
    year   = {2012}
}
@misc{Gartner:11Q1
    author = {Gartner},
    title  = {{}},
    url    = {},
    note   = {},
    year   = {2012}
}
@misc{Gartner:11Q2
    author = {Gartner},
    title  = {{}},
    url    = {},
    note   = {},
    year   = {2012}
}
@misc{Gartner:11Q3
    author = {Gartner},
    title  = {{}},
    url    = {},
    note   = {},
    year   = {2012}
}
@misc{Gartner:11Q4
    author = {Gartner},
    title  = {{}},
    url    = {},
    note   = {},
    year   = {2012}
}
@misc{Gartner:12Q1
    author = {Gartner},
    title  = {{}},
    url    = {},
    note   = {},
    year   = {2012}
}
@misc{Gartner:12Q2
    author = {Gartner},
    title  = {{}},
    url    = {},
    note   = {},
    year   = {2012}
}




@misc{Friese,
    author = {Peter Friese},
    title  = {{Cross platform mobile development}},
    year   = 2012,
    url    = {http://www.slideshare.net/peterfriese/cross-platform-mobile-development-11239246},
    note   = {Retrieved on 02/11/2012}
}

